@book{nqa,
 title = {Quality Assurance Requirements for Nuclear Facility Applications (NQA-1-2008)},
 year = {2008},
 isbn = {9780791831274},
 publisher = {ASME},
 address = {Three Park Avenue, New York, NY 10016-5990},
}

@techreport{nrc,
title = {Quality Assurance Program Criteria (Design and Construction) Regulatory Guide 1.28 Rev. 4},
institution = {U.S. Nuclear Regualtory Commission},
year = {2010},
month = {Jun},
} 
